@INPROCEEDINGS{6844459,
author = {A. Yasin},
booktitle = {2014 IEEE International Symposium on Performance Analysis of Systems and Software (ISPASS)},
title = {A Top-Down method for performance analysis and counters architecture},
year = {2014},
volume = {00},
number = {},
pages = {35-44},
keywords={},
doi = {10.1109/ISPASS.2014.6844459},
url = {doi.ieeecomputersociety.org/10.1109/ISPASS.2014.6844459},
ISSN = {},
month={March}
}


